<?xml version="1.0" encoding="UTF-8"?><collection xmlns="http://www.loc.gov/MARC21/slim"><record><leader>00526nam--2200181-i-4500</leader><controlfield tag="001">000019394</controlfield><controlfield tag="002">20161230</controlfield><controlfield tag="005">20161230201033</controlfield><controlfield tag="008">060222s1000------------r-----000-0-eng-d</controlfield><datafield ind1=" " ind2=" " tag="040"><subfield code="a">IFIN-HH</subfield></datafield><datafield ind1=" " ind2=" " tag="080"><subfield code="a">539.171.11:061.3</subfield></datafield><datafield ind1="1" ind2=" " tag="100"><subfield code="a">Eman,B./S.A.</subfield></datafield><datafield ind1="1" ind2="0" tag="245"><subfield code="a">Symposium on nucleons and weak interactions july, 1971, zagreb, yugoslavia</subfield><subfield code="c">B. eman, d. taidc (eds.)</subfield></datafield><datafield ind1=" " ind2=" " tag="260"><subfield code="a">Zagreb</subfield><subfield code="b">Institute Ruder Boskovic</subfield><subfield code="c">1971</subfield></datafield><datafield ind1=" " ind2=" " tag="300"><subfield code="a">334 P</subfield></datafield><datafield ind1="1" ind2=" " tag="700"><subfield code="a">Tadic, D</subfield><subfield code="e">Ed</subfield></datafield><datafield ind1=" " ind2=" " tag="852"><subfield code="a">37956</subfield><subfield code="c">539.17</subfield></datafield><datafield ind1=" " ind2=" " tag="CAT"><subfield code="a">Sys</subfield><subfield code="c">20120608</subfield><subfield code="h">141434</subfield></datafield></record></collection>